%  address = "New York, NY, USA"
% publisher = "ACM",
@inproceedings{Michael2009,
 author = "Michael, Maged M. and Vechev, Martin T. and Saraswat, Vijay A.",
 title = "Idempotent Work Stealing",
 booktitle = "{PPoPP} '09: Proceedings of the 14th ACM SIGPLAN Symposium on Principles and Practice of Parallel Programming",
 year = 2009,
 pages = "45--54",
 location = "Raleigh, NC, USA",
}

%  address = "Orlando, FL, USA"
@article{Bader2005,
 author = "Bader, David A. and Cong, Guojing",
 title = "A fast, parallel spanning tree algorithm for symmetric multiprocessors (SMPs)",
 journal = "Journal of Parallel and Distributed Computing",
 volume = 65,
 number = 9,
 year = 2005,
 pages = "994--1006",
 publisher = "Academic Press, Inc.",
}

% address = "New York, NY, USA"
% publisher = "ACM",
@inproceedings{Greiner1994,
 author = "Greiner, John",
 title = "A Comparison of Parallel Algorithms for Connected Components",
 booktitle = "{SPAA} '94: Proceedings of the sixth annual ACM Symposium on Parallel Algorithms and Architectures",
 year = 1994,
 pages = "16--25",
 location = "Cape May, New Jersey, United States",
}

% address = "Washington, DC, USA"
@inproceedings{Cong2008,
 author = {Cong, Guojing and Kodali, Sreedhar and Krishnamoorthy, Sriram and Lea, Doug and Saraswat, Vijay and Wen, Tong},
 title = "Solving large, irregular graph problems using adaptive work-stealing",
 booktitle = "{ICPP} '08: Proceedings of the 2008 37th International Conference on Parallel Processing",
 year = 2008,
 pages = "536--545",
 publisher = "IEEE Computer Society",
}

% address = "Orlando, FL, USA",
@article{Klein1988,
 author = "Klein, Philip N. and Reif, John H.",
 title = "An efficient parallel algorithm for planarity",
 journal = "Journal of Computer and System Sciences",
 volume = 37,
 number = 2,
 year = 1988,
 pages = "190--246",
 publisher = "Academic Press, Inc.",
}

@InCollection{Krishna1997,
    author =	"A. Krishnamurthy and S. S. Lumetta and D. E. Culler and
		 K. Yelick",
    title =	"Connected components on distributed memory machines",
    booktitle =	"Parallel Algorithms: Third DIMACS Implementation Challenge",
    editor =	"Sandeep Bhatt",
    series =	"DIMACS Series in Discrete Mathematics and Theoretical
		 Computer Science",
    volume = 	30,
    year =	1997,
    pages =	"1--21",
}

@article{Shiloach1982,
 author = "Yossi Shiloach and Uzi Vishkin",
 title = "An $O(\log n)$ Parallel Connectivity Algorithm",
 journal = "Journal of Algorithms",
 number = 1,
 volume = 3,
 pages = "57--67",
 year = 1982
}
